@article{linearhaskell,
  author    = {Jean{-}Philippe Bernardy and
               Mathieu Boespflug and
               Ryan R. Newton and
               Simon Peyton Jones and
               Arnaud Spiwack},
  title     = {Linear Haskell: practical linearity in a higher-order polymorphic
               language},
  journal   = {CoRR},
  volume    = {abs/1710.09756},
  year      = {2017},
  url       = {http://arxiv.org/abs/1710.09756},
  eprinttype = {arXiv},
  eprint    = {1710.09756},
  timestamp = {Mon, 13 Aug 2018 16:47:41 +0200},
  biburl    = {https://dblp.org/rec/journals/corr/abs-1710-09756.bib},
  bibsource = {dblp computer science bibliography, https://dblp.org}
}

@misc{linearbase,
  title = {{linear-base}},
  author = {{Tweag}},
  howpublished = {\url{https://github.com/tweag/linear-base}},
  note = {Accessed: 2022-11-25}
}
